2331 3180
303 312 926 74 voir. ceste costume ai *íe toz jorz tenue  la ten

297 380 925 75 drai tant com je porrai. mes je avoie si grant

296 447 930 74 joie de  de ses cousins qui estoient venu

295 518 909 75 a cort saín  haitié qu il ne me sovenoit de la

298 594 782 74 costume. or vos en souviegne fet .k..

431 669 799 74 endementres qu il parloient eínsi si entͣ

457 744 742 72 laienz uns vaslez qui dist au roi. sire

294 811 967 76 noveles vos aport mout merveilleuses. queles

294 882 912 74 fet li rois. dites les moi tost. sire la aval desoz

294 955 912 76 vostre palés a .i. perron grant que je ai veu

293 1032 912 74 floter par desus l eve. venez le veoir. car je sai

294 1106 949 74 bien que ce est aventure merveilleuse. # li rois

288 1171 921 78 descent maíntenant por ceste aventure veoir.

283 1240 957 76  si font tuit li autre.  quant il sont venuz a la rive

292 1307 950 81 si troevent le perron qui estoit venuz a ríve  íssuz

284 1374 928 82 hors de l eve.  estoit de marbre vermeil.  ou perro̅

283 1447 922 80 estoit une espee fichiee qui mout estoít bele  ri

281 1518 921 80 che par semblant.  en estoit li ponz d une pierre

280 1590 946 80 precieuse ouvrez a letres d or mout soutilme̅t.  li ba

282 1659 917 79 ron resgardoient les letres qui disoient ja nus ne

277 1728 932 79 m ostera de ci se cil non a qui costé je pendrai.  cil se

279 1797 962 80 ra li míeldres chr̅s del monde. et quant li rois voit

278 1867 948 81 ces letres si dist a biau sire ceste espee est vostͤ

277 1942 917 81 par bon droit. car je sai bien que vos estes lí míel

267 2015 941 88 dres chr̅s dou monde. # il respont toz corrouciez.

273 2094 945 85 certes sire ne ele n est moie ne je n avroie le corage

272 2163 937 81 de metre í maín. ne hardement. car je ne suí míe

276 2228 927 83 dignes ne soffisanz que je la doie prendre.  por ce

281 2302 968 81 m en tendrai je ne n í metrai ja la maín. car ce seroit

280 2365 946 83 folie se je tendoie a avoir la. toutes voies fet lí rois

275 2434 934 82 i essaierez vos se vos la porriez oster. sire fet il non

274 2507 952 81 ferai. car je sai bien que nus n í essaíera ja por quoi

270 2583 951 80 il i faille qu il n en reçoíve plaie. et que savez vos

276 2654 925 81 fet li rois. sire fait il je le sai bien.  encor vos di

279 2732 961 80 rai je autre chose. car je voil que vos sachiez q̅ en

275 2804 971 81 cest jor d ui comenceront les granz aventures

274 2877 787 78  les granz merveilles dou saint graal.

403 2948 805 78 quant li rois ot que n en fera plus si

407 3017 836 87 dist a mon .g. biax níés essaiez í. sire

285 3083 909 91 fait il sauve vostre grace non feré. puis que

1407 315 896 73 mes sires n í velt essaier g i metroie la mai̅

1404 378 878 82 por noient. car ce savez vos bien qu il est assez

1403 449 901 74 mieldres chr̅s de moi. toute voies fait li rois i essaie

1403 518 890 76 roiz vos por ce ce que je le voil. ne mie por l espee

1395 592 905 79 avoir. # il gite la maín  prent l espee par le heut

1394 669 891 77  sache. mes il ne la puet trere fors.  li rois li dist

1403 744 890 77 maíntenant. biaux niés lessiez ester. car bien

1398 816 933 73 avez fet mon comandement. mes .g. fet

1402 885 883 75 or sachiez que ceste espee vos touchera encore si

1398 959 890 73 de pres que vos ne la voldriez avoir bailliee por

1404 1035 899 73 un chastel. sire fet mes .g. je n en poi mes. se je

1400 1106 893 73 en deusse orendroit morir si le feïsse je por la vo

1398 1173 893 76 lenté mon seignor acomplir. et quant lí rois

1396 1244 914 74 ot ceste parole si se repent de ce que mes g. a fet.

1400 1314 907 73 et lors dist a perceval qu il essait a l espee.  il dist

1397 1382 902 71 que si fera il volentiers por fere a mon g. com

1397 1454 878 72 paignie. si met la main a l espee  tret. mes il

1398 1524 895 72 ne la puet avoír.  lors croient bien tuít cil de la

1399 1597 886 73 place que die voir.  les letres dou pont q̅

1399 1670 887 72 il soient veraies. si n í a mes si hardi qui maín

1399 1740 918 73 i osast metre.  mes k. dist au roi. sire sire par

1395 1810 918 73 mon chief or poez vos seurement asseoir au

1391 1878 931 72 disner quant vos plaira. car a aventure n avez

1400 1957 921 72 vos pas failli devant mengier ce me semble. a

1398 2033 897 72 lons donc fet li rois. car ausínt en est il bien te̅s.

1396 2109 881 72 et lors s en vont li chr̅  laissent le perron a la

1399 2172 919 75 rive.  li rois fet l eve corner si s asiet en so̅ haut

1394 2242 913 74 dois.  li compaignon de la table reonde s asiee̅t

1393 2314 897 73 chascun en son leu. celui jor servíre̅t

1393 2382 905 72 laienz .íííí. roi tuít coronné.  avec aux tant

1394 2445 891 77 de hauz homes que a merveilles les poïst len

2143 2520 150 74 ¶ tenir.

1511 2520 617 74 celui jor fu assis li rois a son haut

1520 2598 770 74 dois ou palés.  ot a lui servír grant com

1394 2665 913 79 paignie de hauz barons. si avínt eínsint qnͣt

1395 2740 902 76 il se furent tuít assis par laienz qu il trovere̅t

1392 2816 906 74 que tuít li compaignon de la table reonde fu

1399 2885 915 79 rent venu.  li siege empli. fors solement cil q̅

1401 2956 903 80 len apeloit siege perilleux. quant il orent eu

1401 3032 904 76 le premier mes si lor avint si merveilleuse a

1393 3104 936 76 venture que tuit li huis dou palais ou il men
