2557 3193
448 317 900 82 que il í voit i espoire il tant de bien qu il li plest

446 388 915 82 mout qu il le face chʼr. si respont as dames que

447 456 909 80 de ceste requeste ne lor faudra il ja.  que volen

445 526 923 80 tiers le fera ch̅r puis que eles le vuelent. sire

450 602 919 77 font il nos volons que ce soit anuít ou demai̅.

436 678 906 82 de par dieu fet il. il sera einsi co̅ vos le voulez.

539 751 817 85 cele nuit demora laienz lanc.  fist toute

537 823 812 83 la nuít le vaslet veillier au mostier.  a

451 895 902 84 l endemaín a hore de príme le fist ch̅r.  li chau

450 969 909 84 ça l un de ses esperons  boort l autre. aprés li cei̅t

452 1042 909 84 lanc. l espee  li dona la colee.  li dist que diex le

451 1113 950 87 feïst preudome. car a biauté n avoit il mie failli.

455 1189 903 83 et quant il li ot fet tout ce qu a novel ch̅r aparte

453 1260 902 82 noit si li dist. biau sire vendroiz vos avec moi

451 1328 941 87 a la cort mon seignor le roi artus. sire fait il nanil

449 1398 908 83 avec vos n írai je pas. et lors dist lanc. a l abeesse

451 1464 890 79 dame soffrez que vostre novíaux ch̅rs víegne

458 1535 903 81 avec nos a cort chiés mon seignor le roi. car il am̅

459 1610 892 75 dera plus assez d estre la que de ci demorer avec

456 1673 911 79 vos. sire fet ele il n íra pas ore. mes si tost com

465 1752 910 73 nos cuiderons qu il en soit leux  mestier nos l i en

460 1824 933 75 voierons. et lors se part lanc. de laienz entre lui

459 1896 911 75  ses compaignons.  chevauchent ensemble si

462 1964 911 78 qu il sont venuz a camaalot a heure de tierce. 

465 2034 902 74 li rois ert alez au mostier por oïr la messe a gnͣt

464 2114 892 80 compaignie de hauz homes.  quant li troi cou

461 2190 900 78 sin furent venuz si descendent en la cort.  mon

464 2264 885 80 tent en la sale en haut.  lors comencierent a

466 2328 908 86 parler de l enfant que lanc̅. avoit fet ch̅r. si li

468 2394 895 84 dist boort qu il n avoit onques mes veu home

467 2458 941 87 qui tant resemblast lanc̅. come cil faisoit. certes

468 2527 890 84 je ne creroie jamés riens se ce n est galaad qui

473 2602 926 81 fu engendrez en la bele fille au riche roi pesche

473 2680 914 84 or. car il retret a celui lignage  au nostre trop

475 2747 924 87 merveilleusement. par foi fait lion je croi bie̅

475 2821 902 86 que ce soit il. car il resemble mlt̅ bie̅ mo̅ seignor.

598 2894 779 83 grant piece parlerent de ceste chose por

603 2962 785 76 savoir s il en tresissent riens de la bouche

477 3036 882 80 lanc̅. mes a parole qu il deïssent de ceste chose

480 3109 890 84 ne respondi il onques a cele foiz. et en ce que il

1662 1727 857 84 quant li rois fu mostier.  il vít

1671 1799 839 77 que fu venuz  il ot amené boort  lio̅

1544 1869 942 84 si lor fet mout grant joie.  dist que bien soient

1541 1938 962 85 il venuz.  la feste comence par laienz grant  mer

1542 2013 928 82 veilleuse. car mout sont liez li compaigno̅ de la

1552 2090 948 80 table reonde de la venue as .íí. freres.  mes

1547 2165 938 82 .g. lor demande coment il l ont puis fet que il

1554 2231 953 89 se partírent de cort.  il dient bien dieu merci. car

1551 2294 949 92 il ont toz jorz esté sainz  haitiez. certes fet mes

1555 2364 589 89 sires .g. ce me plest mout.

1696 2431 818 84 granz est la joie que cil de la cort font a bo

1699 2504 795 78 ort  a lion. car pieça mes qu il nes avoie̅t

1550 2579 1007 86 veuz.  li rois comande que les tables soient mises.

1555 2651 932 86 car il est tens de mengier ce li est avis. sire fait

1553 2727 991 78 .k. li seneschaux se vos asseez ja au disner il m est

1561 2797 955 83 avis que vos enfraindroiz la costume de ceai̅z.

1563 2867 951 83 car nos avons veu toz jorz que vos a haute feste

1557 2939 940 81 n asseiez a table devant que aucune aventure

1566 3017 952 75 fust en vostre cort avenue voiant toz les baro̅s

1563 3083 918 83 de vostre ostel. certes fet li rois .k.. vos dites
