2352 3180
267 1706 937 97 no̅ne lors en sale une mout bele

261 1778 942 86 damoisele.  fu venue si grant oirre que bien le pot

260 1847 953 89 len veoir. car ses chevaux en fu encore toz suanz.  ele

258 1916 943 92 descent et víent devant le roi si le salue. et il dist que

260 1996 957 88 diex la beneïe. sire fet ele por dieu dites moi se lanc̅.

261 2070 939 91 est ceenz. oïl voir fet li rois veez le la. #si li mostre. 

255 2138 959 92 ele va maíntenant la ou il est.  li dist lanc̅. je vos

256 2208 954 91 di de par le roi pellés que vos avec moi venez íusq̅ en

261 2275 935 94 cele forest.  il li demande a qui ele est. je sui fait

260 2340 956 95 ele a celui donc je vos paroil. et quel besoign fet

262 2408 932 92 il avez vos de moi. ce verroiz vos bien bien fet ele

252 2483 943 89 de par dieu fet il.  g irai volentiers. lors dist a un

257 2559 941 91 escuíer qu il mete la sele en son cheval.  li aport

257 2633 930 91 ses armes.  cil si fet tout maintenant. et quant

259 2709 941 87 li rois et li autre qui ou palés estoient voient ce si lor

257 2778 918 89 en poise mout. et neporquant quant il voient

255 2850 960 89 qu il ne remaíndroit il l en lessent aler. et la reïne

257 2918 917 94 li dist. que est ce lanc̅. nos lairez vos a cest jor qui

255 2994 922 93 si est hauz. dame fet la damoisele sachiez que

251 3058 954 101 vos le ravroiz demain ceenz ainz hore de disner.

1428 301 924 90 or í voist donc fait ele. car se il demain ne deust

1429 368 896 93 revenir il n i alast hui par ma volenté.  il mo̅

1420 436 886 90 te.  la damoisele ausi. si se partent de laienz sa̅z

1419 507 876 88 autre congié.  sanz plus de compaignie. fors

1418 582 870 89 solement dui escuier qui avec la damoisele

1417 658 905 94 estoi̅t venuz. et quant il sont issuz de kamaalot

1411 731 905 91 si chevauchent tant qu il sont en la forest venu.

1406 802 903 92 si se metent ou grant chemín ferré.  errerent

1409 872 892 89 bien la monte d une líue.  tant qu il víndre̅t

1406 949 881 90 en une valee.  lors voient devant els en tra

1407 1025 904 88 vers dou chemín une abeïe de nonaíns.  la da

1402 1094 896 95 moisele torne cele part. si tost come il sont pres.

1400 1164 936 95 et quant il sont a la porte si apele li escuíers.  len

1401 1234 898 92 li huevre. et il descendent.  entrent enz.  qnͣt

1394 1303 933 95 cil de laienz sorent que lanc̅. estoit venuz si li vo̅t

1394 1375 916 88 tuit a l encontre  li font mout grant joie.  qnͣt

1393 1445 925 94 il l orent mené en une chambre  il fu desarmez

1396 1511 908 91 si voit jesir ses .íí. cousins boort  lẏonel en .íí.

1390 1584 930 93 liz.  lors est a merveílles liez. si les esveille.  qnͣt

1388 1656 892 94 il le voient si l acolent  besent. lors comence la

1384 1733 915 90 joie que li cousin firent li .i. de l autre. biaux sire

1388 1797 914 93 fait boort a lanc̅. quele aventure vos a ça ame

1381 1871 937 90 né. ja vos cuidions nos trover a kamaalot.  il lor

1379 1943 918 86 conte coment une damoisele l a laienz amené.

1377 2018 595 82 mes il ne set onques por quoi.

1503 2095 787 92 et endementres qu il parloient eínsi si

1504 2167 792 92 entrerent laienz .ííí. nonains qui ame

1377 2235 928 102 noient devant eles galaad si bel enfant  si bien

1376 2304 907 100 taillié de touz membres que a peínes trovast

1381 2370 917 95 len son pareil ou monde. et cele qui estoit la plꝯ

1369 2440 931 91 dame le menoit par la maín.  ploroit mout

1375 2509 936 93 tendrement. et quant ele víent devant lanc̅.

1375 2583 940 92 si li dist #sire je vos ameign nostre norriçon ita̅t

1372 2661 895 93 de joíe com nos avons. nostre confort  nostre

1373 2731 894 93 espoir que vos en façoiz chʼr. car de nul plus

1372 2803 919 95 preudome de vos ne porroit il a nostre cuidier

1367 2875 897 93 recevoir l ordre de ch̅rie. il resgarde l enfant. si

1363 2946 930 89 le voit garní de toutes biautez si merveilleuse

1365 3023 937 90 ment qu il ne cuide míe qu il veïst onques mes

1365 3095 956 85 de son aage si bele forme d ome.  par la símplece
