2384 3179
318 291 868 75 joient.  les fenestres clostrent par eles en

316 354 875 81 tel maníere que nus n i mist la mai̅.  ne

316 424 922 80 porquant la sale ne fu pas ennuble.  de ceste

319 496 872 80 chose furent esbahiz li fol  li sage.  li roís

313 568 935 81 artus qui premiers parla dist par dieu biau

313 643 896 80 seignor nos avons hui veues merveilles 

318 720 893 78 ci  a la ríve. mes je cuít que nos les verro̅s

312 793 878 77 encor anuit greignorᷥ que cestes ne sont.

437 869 760 75 endementres que li rois parloit einsi

441 943 802 77 si entra laienz .i. preudom a une blan

312 1019 889 76 che robe víelz  anciens. mes il n ot chr̅ laie̅z

310 1095 899 74 qui seust par ou il í entra.  li preudo̅s venoít

308 1162 899 77 a pié  amenoit par la mai̅ .i. chr̅ a unes ar

309 1222 886 77 mes vermeilles sanz espee  sanz escu. si dist

312 1293 921 74 ausi tost com il fu enmi le palais pes soit a vos.

310 1361 886 80 # aprés dist au roi la ou il le voit. rois artus ge

311 1435 884 79 t amoign le chr̅ desirré. celui qui est estrez dou

313 1508 885 73 haut lignage le roi david.  dou parenté joseph

314 1583 883 76 d arimacie. celui par qui les merveilles de cest

309 1651 910 78 païs  des estranges terres remai̅dro̅t. veez le ci.

309 1724 874 76 et li rois est mout liez de ceste novele. si dist au

319 1796 908 77 preudome #sire bien soiez vos venuz se ceste paro

310 1862 873 75 le est veraie.  bien soit li chr̅s venuz. car se ce

307 1939 892 76 est cil que nos atendons a achever les aventu

308 2014 887 77 res dou saínt graal onques si grant joie ne fu

306 2097 908 78 faite d ome come nos ferons de lui. et qui que

306 2170 917 79 il soit ou cil que vos dites ou autres je voldroie

303 2239 884 82 que bien lí veníst por ce qu il est si ge̅tis hons 

304 2306 899 80 de si haut lignage come vos dites. par foi fait

300 2373 892 75 li preudons vos en verroiz par tens tel comence

301 2441 903 74 ment qui bel sera. # lors fet le chr̅ tost desarmer

297 2509 905 75 si remest en une cote de cendal vermeil.  il li a

296 2579 910 77 baillié maintenant un mantel vermeil a afu

299 2648 895 80 bler qu il portoit sor s espaule tout de samít.

294 2725 920 79  par dedenz estoit forrez d un blanc hermíne.

433 2804 784 75 quant il l a vestu  apareillié si li dist. #sivez

437 2882 787 78 moi sire chr̅s. # il si fet.  il le moine tot

294 2956 949 78 droit au siege perilleux delez quoi se seoit.

295 3028 905 80  sozlieve le drap de soie que cil i avoient mis.

282 3102 906 77 si troeve les letres qui dient. ci est li sieges

1394 286 918 81 galaad. et li preudons resgarde les letres si les

1394 358 969 85 troeve novelement escrites ce li est avis.  il conoist

1395 426 945 84 le non. si li dist si en haut que tuit cil de laienz l oi

1393 496 960 82 ent. sire chr̅s asseez vos ci. car cist leux est vostͤ.

1393 567 922 80 et cil s asiet tout seureme̅t.  dist au preudome

1390 639 943 83 or vos em poez raler. car bien avez fet ce que len

1390 717 928 81 vos comanda.  saluez moi touz cels dou saint

1389 787 940 81 ostel.  mon oncle le roi pellés.  mo̅ aiol le riche

1393 861 956 74 roi pescheor.  lor dites de par moi que je les iré ve

1387 935 936 77 oir au plus tost que je porrai  que je en avrai loi

1391 1005 932 76 sir. et li preudons s em part de laienz.  coma̅de

1393 1081 931 78 le roi artus a dieu.  toz les autres ausi.  qua̅t

1391 1150 962 75 len li volt demander qui il estoit il n en tint onq̅s

1390 1220 928 74 plet a aus. aínz respondi tot plainement que il

1394 1290 930 74 ne lor diroit ore pas. car il le savroient bien a tens

1392 1359 953 79 se il l osoient demander. si vírent au mestre huís

1395 1433 946 75 dou palais qui clos estoit si l oevre.  descent en la

1392 1502 935 78 cort aval.  troeve chr̅s  escuiers jusqu a .x. qui

1394 1574 935 74 l atendoient.  estoient venuz o luí. et il monte  se

1393 1650 935 74 part de la cort en tel maniere qu il ne sorent plus

1389 1721 412 77 de son estre a cele foiz.

1531 1788 849 76 quant cil de la sale vírent seoir le chr̅ ou siege

1527 1858 816 75 que tant preudome avoient redouté.  ou

1390 1935 940 74 tantes granz aventures estoient avenues par

1391 2004 993 75 mai̅tes foiz si n í a celui quí n en ait grant merveille.

1390 2079 944 82 car il voient celui si *íuene home qu il ne voient

1387 2155 948 80 don grace li puíst estre venue. se ce n est de la vo

1392 2217 941 84 lenté nostre #seignor.  la feste comence grant par

1393 2293 934 79 laienz. si font honor au chr̅  lí un  li autre. car

1391 2360 959 80 bien pensent que ce soit cil par qui les merveilles

1390 2425 943 80 dou saint graal doivent faillir.  bien le sevent

1389 2494 963 81 par l esprovement dou siege. ou onques hons ne

1391 2570 957 79 s estoit assis a cui il n en fust meschaü. en aucune

1390 2639 953 79 maníere ne mes a cestui. si le servent  honore̅t

1390 2717 915 80 de quan qu il puee̅t. come celui qu il tiennet a

1385 2791 952 80 mestre  a seignor par desus cels de la table reon

1382 2866 936 75 de. et qui mout volentiers le resgardoit

1388 2942 946 77 por la merveille qu il en a conoist que ce estoit cil

1385 3011 941 84 que il a huí fet chr̅ novel. si en a mout grant

1379 3083 937 84 joie.  por ce li fet il la greignor honor qu il puet.
